<record xmlns="http://www.loc.gov/MARC21/slim" xmlns:xsi="http://www.w3.org/2001/XMLSchema-instance" xsi:schemaLocation="http://www.loc.gov/MARC21/slim http://www.loc.gov/standards/marcxml/schema/MARC21slim.xsd"><leader>     nam a22        4500</leader><controlfield tag="001">3071094</controlfield><controlfield tag="003">NNC</controlfield><controlfield tag="006">m        d        </controlfield><controlfield tag="007">cr cn |||m|||a</controlfield><controlfield tag="008">150316s1953    ua      o     000 0 ara d</controlfield><datafield ind1=" " ind2=" " tag="040"><subfield code="a">NNU</subfield><subfield code="b">eng</subfield><subfield code="e">rda</subfield><subfield code="c">NNU</subfield></datafield><datafield ind1="0" ind2="4" tag="082"><subfield code="a">297</subfield></datafield><datafield ind1="1" ind2=" " tag="100"><subfield code="6">880-01</subfield><subfield code="a">al-Firka&#772;wi&#772;, Mah&#803;mu&#772;d ibn H&#803;asan ibn Mah&#803;ammad.</subfield></datafield><datafield ind1="1" ind2="0" tag="245"><subfield code="a">Commentaire du livre des e&#769;tapes</subfield><subfield code="b">(compose&#769; a&#768; la fin du VIIIe/XIVe sie&#768;cle)</subfield><subfield code="c">[Par] Mah&#803;mu&#772;d al-Firka&#772;wi&#772;. E&#769;dite&#769; avec une introduction par S. de Laugier de Beaurecueil.</subfield></datafield><datafield ind1=" " ind2=" " tag="260"><subfield code="a">Le Caire,</subfield><subfield code="b">Impr. de l'IFAO,</subfield><subfield code="c">1953.</subfield></datafield><datafield ind1=" " ind2=" " tag="300"><subfield code="a">online resource (34, 153 pages)</subfield></datafield><datafield ind1=" " ind2=" " tag="336"><subfield code="a">text</subfield><subfield code="2">rdacontent</subfield></datafield><datafield ind1=" " ind2=" " tag="337"><subfield code="a">computer</subfield><subfield code="2">rdamedia</subfield></datafield><datafield ind1=" " ind2=" " tag="338"><subfield code="a">online resource</subfield><subfield code="2">rdacarrier</subfield></datafield><datafield ind1="0" ind2=" " tag="490"><subfield code="a">Textes et traductions d 'auteurs orientaux.</subfield><subfield code="v">T. 17</subfield></datafield><datafield ind1="0" ind2=" " tag="490"><subfield code="6">880-02</subfield><subfield code="a">Ans&#803;a&#772;ri&#772;ya&#772;t. Se&#769;rie 1,</subfield><subfield code="v">T. 1</subfield></datafield><datafield ind1=" " ind2=" " tag="500"><subfield code="a">Text in Arabic.</subfield></datafield><datafield ind1=" " ind2=" " tag="500"><subfield code="a">L'Institute Franc&#807;ais d'Arche&#769;ologie Orientale du Caire, publications. T. 15-17.</subfield></datafield><datafield ind1=" " ind2=" " tag="500"><subfield code="a">Part of the Arabic Collections Online (ACO) project, contributed by Columbia University Libraries.</subfield></datafield><datafield ind1=" " ind2=" " tag="533"><subfield code="a">Electronic reproduction.</subfield><subfield code="b">New York, N.Y. :</subfield><subfield code="c">New York University,</subfield><subfield code="d">2015.</subfield><subfield code="5">NNU</subfield></datafield><datafield ind1="2" ind2=" " tag="710"><subfield code="a">Columbia University.</subfield><subfield code="b">Libraries.</subfield></datafield><datafield ind1="0" ind2=" " tag="730"><subfield code="a">Arabic Collections Online.</subfield></datafield><datafield ind1="0" ind2="8" tag="776"><subfield code="i">Print version:</subfield><subfield code="a">al-Firka&#772;wi&#772;, Mah&#803;mu&#772;d ibn H&#803;asan ibn Mah&#803;ammad.</subfield><subfield code="t">Commentaire du livre des e&#769;tapes</subfield><subfield code="w">(NNC)3071094</subfield><subfield code="w">(OCoLC)19406168</subfield></datafield><datafield ind1=" " ind2="0" tag="830"><subfield code="a">Textes et traductions d 'auteurs orientaux.</subfield><subfield code="v">T. 17</subfield></datafield><datafield ind1=" " ind2="0" tag="830"><subfield code="6">880-03</subfield><subfield code="a">Ans&#803;a&#772;ri&#772;ya&#772;t. Se&#769;rie 1,</subfield><subfield code="v">T. 1</subfield></datafield><datafield ind1="4" ind2="0" tag="856"><subfield code="u">http://hdl.handle.net/2333.1/fxpnw09n</subfield></datafield><datafield ind1="1" ind2=" " tag="880"><subfield code="6">100-01/r</subfield><subfield code="a">&#1575;&#1604;&#1601;&#1585;&#1603;&#1575;&#1608;&#1610;&#1548; &#1605;&#1581;&#1605;&#1608;&#1583; &#1576;&#1606; &#1581;&#1587;&#1606; &#1576;&#1606; &#1605;&#1581;&#1605;&#1583;.</subfield></datafield><datafield ind1="0" ind2=" " tag="880"><subfield code="6">490-02/r</subfield><subfield code="a">&#1575;&#1606;&#1589;&#1575;&#1585;&#1610;&#1575;&#1578;.  </subfield></datafield><datafield ind1=" " ind2=" " tag="880"><subfield code="6">830-03/r</subfield><subfield code="a">&#1575;&#1606;&#1589;&#1575;&#1585;&#1610;&#1575;&#1578;. </subfield></datafield><datafield ind1=" " ind2=" " tag="959"><subfield code="a">NNU</subfield><subfield code="b">WEB</subfield><subfield code="c">GENI</subfield><subfield code="t">0</subfield><subfield code="m">Electronic access</subfield><subfield code="s">01</subfield></datafield><datafield ind1=" " ind2=" " tag="999"><subfield code="i">NNC_3071094</subfield><subfield code="o">(OCoLC)ocm19406168</subfield><subfield code="e">(ERROR-880)(ERROR-SERIES)</subfield><subfield code="s">columbia_aco000333</subfield></datafield></record>